% !Mode:: "TeX:UTF-8"
@INPROCEEDINGS{6909475,
	author={Girshick, Ross and Donahue, Jeff and Darrell, Trevor and Malik, Jitendra},
	booktitle={2014 IEEE Conference on Computer Vision and Pattern Recognition}, 
	title={Rich Feature Hierarchies for Accurate Object Detection and Semantic Segmentation}, 
	year={2014},
	volume={},
	number={},
	pages={580-587},
	doi={10.1109/CVPR.2014.81}}

